% This file was created with JabRef 2.10.
% Encoding: UTF8


@Book{Feyerabend1977,
  Title                    = {Contra o método},
  Address                  = {Rio de Janeiro},
  Author                   = {Paul Feyerabend},
  Pages                    = {488},
  Publisher                = {Livraria Franscisco Alves Editora},
  Year                     = {1977},

  Edition                  = {1},

  Translation              = {Mata, Octanny S da and Leonidas Hegenberg}
}

@Book{vanFraassen1980,
  Title                    = {The scientiffic image},
  Address                  = {Oxford},
  Author                   = {van Fraassen, Bas C},
  Editor                   = {L Jonathan Cohen},
  Pages                    = {235},
  Publisher                = {Clarendon Press},
  Year                     = {1980}
}

@Book{Kuhn2011,
  Title                    = {A estrutura das revoluções científicas},
  Address                  = {São Paulo},
  Author                   = {Thomas S. Kuhn},
  Pages                    = {260},
  Publisher                = {Perspectiva},
  Year                     = {2011},

  Edition                  = {10}
}

@Book{Magee1974,
  Title                    = {As idéias de Popper},
  Address                  = {São Paulo},
  Author                   = {Edgar Bryan Magee},
  Pages                    = {113},
  Publisher                = {Editora Cultrix},
  Year                     = {1974}
}

@Book{Morin1986,
  Title                    = {Para sair do século XX - as grandes questões do nosso tempo},
  Address                  = {Rio de Janeiro},
  Author                   = {Edgar Morin},
  Pages                    = {361},
  Publisher                = {Nova Fronteira},
  Year                     = {1986},

  Edition                  = {1}
}

@Book{Wittgenstein1999,
  Title                    = {Investigações filosóficas},
  Address                  = {São Paulo},
  Author                   = {Ludwig Wittgenstein},
  Pages                    = {207},
  Publisher                = {Nova Cultural},
  Year                     = {1999}
}

