% This file was created with JabRef 2.9.2.
% Encoding: UTF-8

@ARTICLE{Alnes1999,
  author = {Jan Harald Alnes},
  title = {Sense and Basic Law in Frege's Logicism},
  journal = {Nordic Journal of Philosophical Logic},
  year = {1999},
  volume = {4},
  pages = {1--30},
  number = {1},
  owner = {custom},
  timestamp = {2011.07.05}
}

@ARTICLE{Baker2003,
  author = {G.P. Baker and S {Hacker P. M.}},
  title = {Functions in {B}egriffsschrift},
  journal = {Synthese},
  year = {2003},
  volume = {135},
  pages = {273--9},
  owner = {custom},
  timestamp = {2011.07.05}
}

@ARTICLE{Beaney2007,
  author = {Michael Beaney},
  title = {Frege's Use of Function-Argument Analysis and This Introduction of
	Truth-Values as Objects},
  journal = {Grazer Philosophische Studien},
  year = {2007},
  volume = {75},
  pages = {93--123},
  owner = {custom},
  timestamp = {2011.07.05}
}

@BOOK{Beaney1997,
  title = {The Frege Reader},
  publisher = {Blackwell Publishers},
  year = {1997},
  author = {Michael Beaney},
  address = {Oxford},
  owner = {custom},
  timestamp = {2011.07.05}
}

@ARTICLE{Blanchete1994,
  author = {Patricia Blanchete},
  title = {Frege's Reduction},
  journal = {History and Philosophy of Logic},
  year = {1994},
  volume = {15},
  pages = {85--103},
  owner = {custom},
  timestamp = {2011.07.05}
}

@BOOK{Boole1854,
  title = {The Laws of Thought},
  publisher = {Prometheus Books},
  year = {1854},
  author = {George Boole},
  address = {New York},
  owner = {custom},
  timestamp = {2011.07.05}
}

@BOOK{Boole1847,
  title = {The Mathematical Analysis of Logic},
  publisher = {Thoemmes Press},
  year = {1847},
  author = {George Boole},
  address = {Bristol},
  owner = {custom},
  timestamp = {2011.07.05}
}

@BOOK{Boolos1998,
  title = {Logic, Logic and Logic},
  publisher = {Harvard University Press},
  year = {1998},
  author = {George Boolos},
  address = {Cambridge, Massachusetts},
  owner = {custom},
  timestamp = {2011.07.05}
}

@INCOLLECTION{Boolos1998a,
  author = {George Boolos},
  title = {Reading the Begriffsschrift},
  booktitle = {Logic, Logic, and Logic},
  publisher = {Harvard University Press},
  year = {1998},
  pages = {155--70},
  address = {Cambridge, Massachusetts},
  owner = {custom},
  timestamp = {2011.07.05}
}

@INCOLLECTION{Boolos1998b,
  author = {George Boolos},
  title = {Saving Frege from Contradiction},
  booktitle = {Logic, Logic, and Logic},
  publisher = {Harvard University Press},
  year = {1998},
  pages = {171--82},
  address = {Cambridge, Massachusetts},
  owner = {custom},
  timestamp = {2011.07.05}
}

@INCOLLECTION{Boolos1998c,
  author = {G. Boolos},
  title = {``{The Consistency of Frege's Foundations of Arithmetic}''},
  booktitle = {Logic, Logic, and Logic},
  publisher = {Harvard University Press},
  year = {1998},
  pages = {183--201},
  address = {Cambridge, Massachusetts},
  owner = {custom},
  timestamp = {2011.07.05}
}

@INCOLLECTION{Boolos1998d,
  author = {G. Boolos},
  title = {The Standard of Equality of Numbers},
  booktitle = {Logic, Logic, and Logic},
  publisher = {Harvard University Press},
  year = {1998},
  pages = {202--219},
  address = {Cambridge, Massachusetts},
  owner = {custom},
  timestamp = {2011.07.05}
}

@INCOLLECTION{Boolos1998e,
  author = {G. Boolos and Richard Heck},
  title = {Die Grundlagen der Arithmetik, 82-83},
  booktitle = {Logic, Logic, and Logic},
  publisher = {Harvard University Press},
  year = {1998},
  pages = {315--333},
  address = {Cambridge, Massachusetts},
  owner = {custom},
  timestamp = {2011.07.05}
}

@ARTICLE{Burge1984,
  author = {Tyler Burge},
  title = {Frege on Extension of Concepts from 1884 to 1903},
  journal = {The Philosophical Review},
  year = {1984},
  volume = {XCIII},
  pages = {3--34},
  number = {1},
  owner = {alessandro},
  timestamp = {2011.07.06}
}

@ARTICLE{Burgess1984,
  author = {J. P Burgess},
  title = {Review of Wright (1983)},
  journal = {Philosophical review},
  year = {1984},
  volume = {93},
  pages = {638--40},
  owner = {alessandro},
  timestamp = {2011.07.06}
}

@BOOK{Chateaubriand2001,
  title = {Logical Forms Part I: Truth and Description},
  publisher = {Cole\c{c}{\~a}o CLE, Vol 34},
  year = {2001},
  author = {Oswaldo Chateaubriand},
  address = {Campinas, S{\~a}o Paulo},
  owner = {custom},
  timestamp = {2011.07.05}
}

@INCOLLECTION{Coffa1995,
  author = {Alberto Coffa},
  title = {Kant, Bolzano and the Emergence of Logicism},
  booktitle = {\cite{Demopoulos1995}},
  publisher = {Harvard University Press},
  year = {1995},
  pages = {29--40},
  address = {Cambridge, Massachusetts},
  owner = {alessandro},
  timestamp = {2011.07.06}
}

@ARTICLE{Cook2005,
  author = {Roy Cook and Philip Ebert},
  title = {Abstraction and Identity},
  journal = {Dialectica},
  year = {2005},
  volume = {59},
  pages = {121--39},
  number = {2},
  owner = {custom},
  timestamp = {2011.07.05}
}

@BOOK{Dedekind1963,
  title = {Essays on theory of Numbers},
  publisher = {Dover Publications},
  year = {1963},
  editor = {W. Bemam},
  author = {Richard Dedekind},
  address = {New York},
  owner = {custom},
  timestamp = {2011.07.05}
}

@INCOLLECTION{Demopoulos1995a,
  author = {William Demopoulos},
  title = {Frege and Rigorization of Analysis},
  booktitle = {Frege's Philosophy of Mathematics},
  publisher = {Harvard University Press},
  year = {1995b},
  pages = {68-88},
  address = {Cambridge, Massachusetts},
  owner = {alessandro},
  timestamp = {2011.07.06}
}

@UNPUBLISHED{Duarte,
  author = {Alessandro B. Duarte},
  title = {A L{\'o}gica de Boole},
  note = {Artigo escrito para o exame de qualifica\c{c}{\~a}o},
  year = {2006},
  owner = {alessandro},
  timestamp = {2011.07.06}
}

@MASTERSTHESIS{Duarte2004,
  author = {Alessandro B. Duarte},
  title = {Princ{\'i}pio de Hume: Possibilidade de uma Filosofia (Neo) Fregeana
	da Aritm{\'e}tica?},
  school = {PUC-Rio},
  year = {2004},
  address = {Rio de Janeiro},
  month = {Fevereiro},
  owner = {custom},
  timestamp = {2011.07.05}
}

@BOOK{Dummett1991,
  title = {Frege: Philosophy of Mathematic},
  publisher = {Harvard University Press},
  year = {1991},
  author = {Michael Dummett},
  address = {Cambridge, Massachusetts},
  owner = {custom},
  timestamp = {2011.07.05}
}

@BOOK{Dummett1973,
  title = {Frege: Philosophy of Language},
  publisher = {Duckworth},
  year = {1973},
  author = {Michael Dummett},
  address = {London},
  owner = {custom},
  timestamp = {2011.07.05}
}

@BOOK{Frege1990,
  title = {Kleine Schriften},
  publisher = {George Olms Verlag},
  year = {1990},
  editor = {Ign{\'a}cio Angelelli},
  author = {Gottlob Frege},
  address = {Hildesheim},
  owner = {custom},
  timestamp = {2011.07.05}
}

@BOOK{Frege1972,
  title = {Conceptual Notation and Related Articles},
  publisher = {Clarendon Press},
  year = {1972},
  editor = {Terrell Ward Bynum},
  author = {Gottlob Frege},
  address = {Oxford},
  owner = {custom},
  timestamp = {2011.07.05}
}

@BOOK{Frege1964,
  title = {The Basic Laws of Arithmetic: Exposition of the System},
  publisher = {University of California Press},
  year = {1964},
  editor = {Montgomery Furth},
  author = {Gottlob Frege},
  address = {Berkeley e Los Angeles},
  owner = {custom},
  timestamp = {2011.07.05}
}

@BOOK{Frege1980,
  title = {Philosophical and Mathematical Correspondence},
  publisher = {Basil Blackwell},
  year = {1980},
  editor = {Gottfried Gabriel and Hans Hermes and Friedrich Kambartel and Christian
	Thiel and Albert Veraart},
  author = {Gottlob Frege},
  address = {Chicago},
  owner = {custom},
  timestamp = {2011.07.05}
}

@BOOK{Frege1976,
  title = {Wissenschafticher Briefwechsel},
  publisher = {Felix Meiner Verlag},
  year = {1976},
  editor = {Gottfried Gabriel and Hans Hermes and Friedrich Kambartel and Christian
	Thiel and Albert Veraart},
  author = {Gottlob Frege},
  address = {Hamburg},
  owner = {custom},
  timestamp = {2011.07.05}
}

@BOOK{Frege1983,
  title = {Nachgelassene Schriften},
  publisher = {Felix Meiner Verlag},
  year = {1983},
  editor = {Hans Hermes and Friedrich Kambartel and Friedrich Kaulbach},
  author = {Gottlob Frege},
  address = {Hamburg},
  owner = {custom},
  timestamp = {2011.07.05}
}

@BOOK{Frege1979,
  title = {Posthumous Writings},
  publisher = {Basil Blackwell},
  year = {1979},
  editor = {Hans Hermes and Friedrich Kambartel and Friedrich Kaulbach},
  author = {Gottlob Frege},
  address = {Oxford},
  owner = {custom},
  timestamp = {2011.07.05}
}

@BOOK{Frege1984,
  title = {Collected Papers on Mathematics, Logic, and Philosophy},
  publisher = {Basil Blackwell},
  year = {1984},
  editor = {Brian McGuinness},
  author = {Gottlob Frege},
  address = {Oxford},
  owner = {custom},
  timestamp = {2011.07.05}
}

@BOOK{Frege1998,
  title = {Begriffsschrift und andere Aufs{\"a}tze},
  publisher = {George Olms Verlag},
  year = {1998},
  author = {Gottlob Frege},
  address = {Hildesheim},
  owner = {custom},
  timestamp = {2011.07.05}
}

@ARTICLE{Frege1996,
  author = {Gottlob Frege},
  title = {Vorlesungen {\"u}ber Begriffsschrift},
  journal = {History and Philosophy of Logic},
  year = {1996},
  volume = {17},
  pages = {1--48},
  owner = {alessandro},
  timestamp = {2011.07.06}
}

@BOOK{Frege1988,
  title = {Die Grundlagen der Arithmetik. Eine logisch mathematische Untersuchung
	{\"u}ber den Begriff der Zahl},
  publisher = {Felix Meiner Verlag},
  year = {1988},
  author = {Gottlob Frege},
  address = {Hamburg},
  owner = {custom},
  timestamp = {2011.07.05}
}

@BOOK{Frege1986,
  title = {The Foundations of Arithmetic. A logico-mathematical enquiry into
	the concept of number},
  publisher = {Basil Blackwell},
  year = {1986},
  author = {Gottlob Frege},
  address = {Oxford},
  edition = { edi\c{c}{\~a}o revisada$2^{a}$},
  owner = {custom},
  timestamp = {2011.07.05}
}

@BOOK{Frege1962,
  title = {Grundgesetze der Arithmetik},
  publisher = {Georg Olms Verlag},
  year = {1962},
  author = {Gottlob Frege},
  volume = {I e II},
  address = {Hildesheim},
  owner = {custom},
  timestamp = {2011.07.05}
}

@ARTICLE{Greimann2003,
  author = {Dirk Greimann},
  title = {{What is Frege's Julius Caesar Problem?}},
  journal = {Dialectica},
  year = {2003},
  volume = {57},
  pages = {261--78},
  number = {3},
  owner = {alessandro},
  timestamp = {2011.07.06}
}

@BOOK{Haddock2006,
  title = {A Critical Introduction to the Philosophy of Gottlob Frege},
  publisher = {Ashgate Publishing, Ltd.},
  year = {2006},
  author = {Guilhermo Haddock},
  address = {Hampshire},
  owner = {custom},
  timestamp = {2011.07.05}
}

@ARTICLE{Haddock1986,
  author = {Guilhermo Haddock},
  title = {{On Frege's Two Notions of Sense}},
  journal = {History and Philosophy of Logic},
  year = {1986},
  volume = {7},
  pages = {31--41},
  owner = {alessandro},
  timestamp = {2011.07.06}
}

@INCOLLECTION{Hale2001a,
  author = {Bob Hale},
  title = {{Grundlagen 64}},
  booktitle = {\cite{Hale2001}},
  publisher = {Oxford University Press},
  year = {2001},
  pages = {91--116},
  address = {New York},
  owner = {alessandro},
  timestamp = {2011.07.06}
}

@BOOK{Hale2001,
  title = {The Reason´s Proper Study: Essays Towards a Neo-Fregean Philosophy
	of Mathematics},
  publisher = {Oxford University Press},
  year = {2001},
  author = {Bob Hale and Crispin Wright},
  address = {New York},
  owner = {custom},
  timestamp = {2011.07.05}
}

@INCOLLECTION{Hale2001b,
  author = {Bob Hale and Crispin Wright},
  title = {{To Bury Caesar...}},
  booktitle = {\cite{Hale2001}},
  publisher = {Oxford University Press},
  year = {2001},
  pages = {335-96},
  address = {New York}
}

@BOOK{Hallett1984,
  title = {Cantorian Set Theory and Limitation of Size},
  publisher = {Clarendon Press},
  year = {1984},
  author = {Michael Hallett},
  address = {Oxford},
  owner = {custom},
  timestamp = {2011.07.05}
}

@UNPUBLISHED{Heckun,
  author = {Heck, R.},
  title = {Formal Arithmetic Before Grundgestze},
  note = {Manuscrito não-publicado},
  owner = {alessandro},
  timestamp = {2011.07.06}
}

@ARTICLE{Heck2009,
  author = {Heck, R.},
  title = {{Julius Caesar and Basic Law V}},
  journal = {Dialectica},
  year = {2009},
  volume = {59},
  pages = {161-78},
  number = {2},
  owner = {alessandro},
  timestamp = {2011.07.06}
}

@INCOLLECTION{Heck1997a,
  author = {Heck, R.},
  title = {The Julius Caesar Objection},
  booktitle = {\cite{Heck1997}},
  publisher = {Oxford University Press},
  year = {1997},
  pages = {273-308},
  address = {Oxford},
  owner = {alessandro},
  timestamp = {2011.07.06}
}

@INCOLLECTION{Heck1995,
  author = {Heck, Richard},
  title = {{The Development of Arithmetic in Frege's Grundgesetze der Arithmetik}},
  booktitle = {\cite{Demopoulos1995}},
  publisher = {Harvard University Press},
  year = {1995},
  pages = {257-94},
  address = {Cambridge, Massachusetts},
  owner = {alessandro},
  timestamp = {2011.07.06}
}

@INCOLLECTION{Heck1995a,
  author = {Heck, R.},
  title = {Definition by Induction in Frege's Grundgesetze der Arithmetik},
  booktitle = {\cite{Demopoulos1995}},
  publisher = {Harvard University Press},
  year = {1995},
  pages = {295-333},
  address = {Cambridge, Massachusetts},
  owner = {alessandro},
  timestamp = {2011.07.06}
}

@ARTICLE{Heijenoort1977,
  author = {Heijenoort, J. van},
  title = {{Sense in Frege}},
  journal = {Journal of Philosophical Logic},
  year = {1977},
  volume = {6},
  pages = {93-102},
  owner = {alessandro},
  timestamp = {2011.07.06}
}

@ARTICLE{Heijenoort1977a,
  author = {Heijenoort, J. v.},
  title = {{Frege on sense Identity}},
  journal = {Journal of Philosophical Logic},
  year = {1977},
  volume = {6},
  pages = {103-8},
  owner = {alessandro},
  timestamp = {2011.07.06}
}

@ARTICLE{Hodes1984,
  author = {Hodes, Harold},
  title = {{Logicism and the Ontological Commitments of Arithmetic}},
  journal = {Journal of Philosophy},
  year = {1984},
  volume = {LXXXI},
  pages = {123-49},
  number = {3},
  owner = {alessandro},
  timestamp = {2011.07.06}
}

@ARTICLE{Janssen2001,
  author = {Janssen, Theo},
  title = {{Frege, Contextuality and Compositionality}},
  journal = {Journal of Logic, Language, and Information},
  year = {2001},
  volume = {10},
  pages = {115-36},
  owner = {alessandro},
  timestamp = {2011.07.06}
}

@BOOK{Kant2008,
  title = {Prolegomena to Any Future Metaphysic},
  publisher = {Forgotten Books},
  year = {2008},
  author = {Immanuel Kant},
  owner = {custom},
  timestamp = {2011.07.05}
}

@BOOK{Kant1997,
  title = {Cr{\'i}tica da Raz{\~a}o Pura},
  publisher = {Funda\c{c}{\~a}o Calouste Gulbenkian},
  year = {1997},
  author = {Immanuel Kant},
  address = {Lisboa},
  owner = {custom},
  timestamp = {2011.07.05}
}

@BOOK{Kaschmiedar1989,
  title = {Beurteiberer Inhalt und Gedanke in der Philosophie Gottlob Freges},
  publisher = {Georg Olms Verlag},
  year = {1989},
  author = {Hartfried Kaschmiedar},
  address = {Hildesheim},
  owner = {custom},
  timestamp = {2011.07.05}
}

@ARTICLE{Kemp2005,
  author = {Kemp, Gary},
  title = {{Caesar from Frege's Perspective}},
  journal = {Dialectica},
  year = {2005},
  volume = {59},
  pages = {179-99},
  number = {2},
  owner = {alessandro},
  timestamp = {2011.07.06}
}

@BOOK{Kreiser2001,
  title = {Gottlob Frege: Leben-Werk-Zeit},
  publisher = {Felix Meiner Verlag},
  year = {2001},
  author = {Lothar Kreiser},
  address = {Hamburg},
  owner = {custom},
  timestamp = {2011.07.05}
}

@BOOK{Kutschera1989,
  title = {Gottlob Frege},
  publisher = {Walter de Gruyter},
  year = {1989},
  author = {Franz von Kutschera},
  address = {Berlin},
  owner = {custom},
  timestamp = {2011.07.05}
}

@BOOK{Landau1966,
  title = {Foundations of Analysis},
  publisher = {Chelsea},
  year = {1966},
  author = {Edmund Landau},
  address = {New York},
  owner = {custom},
  timestamp = {2011.07.05}
}

@ARTICLE{Landini2006,
  author = {Landini, G.},
  title = {{Frege's Cardinals as Concept-Correlates}},
  journal = {Erkenntnis},
  year = {2006},
  volume = {65},
  pages = {207-43},
  owner = {alessandro},
  timestamp = {2011.07.06}
}

@ARTICLE{Landini2006a,
  author = {Landini, G.},
  title = {{The Ins and Outs of Frege's Way Out}},
  journal = {Philosophia Mathematica},
  year = {2006},
  volume = {III},
  pages = {1-25},
  number = {14},
  owner = {alessandro},
  timestamp = {2011.07.06}
}

@ARTICLE{Landini1996,
  author = {Landini, Gregory},
  title = {{Decomposition and Analysis in Frege's Grundgesetze}},
  journal = {History and Philosophy of Logic},
  year = {1996},
  volume = {17},
  pages = {121-39},
  owner = {alessandro},
  timestamp = {2011.07.06}
}

@ARTICLE{Levine2006,
  author = {Levine, James},
  title = {{Analysis, Abstraction Principles and Slingshot Arguments}},
  journal = {Ratio},
  year = {2006},
  volume = {19},
  pages = {43-63},
  owner = {alessandro},
  timestamp = {2011.07.06}
}

@ARTICLE{Macbeth2007,
  author = {Macbeth, Danielle},
  title = {{Striving for Truth in the Practice of Mathematics Kant and Frege}},
  journal = {Grazer Philosophische Studien},
  year = {2007},
  volume = {75},
  pages = {65-92},
  owner = {alessandro},
  timestamp = {2011.07.06}
}

@BOOK{Macbeth2005,
  title = {Frege's Logic},
  publisher = {Harvard University Press},
  year = {2005},
  author = {Danielle Macbeth},
  address = {Cambridge, Mass.},
  owner = {custom},
  timestamp = {2011.07.05}
}

@ARTICLE{MacFarlane2002,
  author = {MacFarlane, John},
  title = {{Frege, Kant, and the Logic in Logicism}},
  journal = {The Philosophical Review},
  year = {2002},
  volume = {111},
  pages = {25-65},
  owner = {alessandro},
  timestamp = {2011.07.06}
}

@BOOK{Makin2000,
  title = {The Metaphysicians of Meaning: Russell and Frege on Sense and Denotation},
  publisher = {Routledge},
  year = {2000},
  author = {Gideon Makin},
  address = {London},
  owner = {custom},
  timestamp = {2011.07.05}
}

@BOOK{Mendelsohn2005,
  title = {The Philosophy of Gottlob Frege},
  publisher = {Cambridge University Pres},
  year = {2005},
  author = {Richard L Mendelsohn},
  address = {New York},
  owner = {custom},
  timestamp = {2011.07.05}
}

@ARTICLE{Milne1986,
  author = {Milne, Peter},
  title = {{Frege's Context Principle}},
  journal = {Mind},
  year = {1986},
  volume = {95},
  pages = {491-95},
  number = {380},
  owner = {alessandro},
  timestamp = {2011.07.06}
}

@ARTICLE{Nusenoff1979,
  author = {Nusenoff, Ronald},
  title = {{Frege on Identity Sentences}},
  journal = {Philosophy and Phenomenological Research},
  year = {1979},
  volume = {39},
  pages = {438-42},
  number = {3},
  owner = {alessandro},
  timestamp = {2011.07.06}
}

@INCOLLECTION{Parsons1995,
  author = {Parsons, Charles},
  title = {Frege´s Theory of Number},
  booktitle = {\cite{Demopoulos1995}},
  publisher = {Harvard University Press},
  year = {1995},
  pages = {182-210},
  address = {Cambridge, Massachusetts},
  owner = {alessandro},
  timestamp = {2011.07.06}
}

@INCOLLECTION{Peano1973,
  author = {Peano, G.},
  title = {Definitions in Mathematics},
  booktitle = {\cite{Kennedy1973}},
  publisher = {University of Toronto Press},
  year = {1973},
  pages = {235-246},
  address = {Toronto},
  owner = {alessandro},
  timestamp = {2011.07.06}
}

@ARTICLE{Peano1915,
  author = {Peano, Giuseppe},
  title = {{Le Definizioni per Astrazione}},
  journal = {Bollettim della Mathesis},
  year = {1915},
  volume = {VII},
  pages = {106-120},
  owner = {alessandro},
  timestamp = {2011.07.06}
}

@ARTICLE{Rayo2001,
  author = {Rayo, Agustin},
  title = {{Frege's Unoffcial Arithmetic}},
  journal = {The Journal of Symbolic Logic},
  year = {2001},
  volume = {67},
  pages = {1623-38},
  number = {4},
  owner = {alessandro},
  timestamp = {2011.07.06}
}

@INCOLLECTION{Ricketts1997,
  author = {Ricketts, Thomas},
  title = {Truth-Values and Courses-of-Values in Frege's Grundgesetze},
  booktitle = {\cite{Tait1997}},
  publisher = {Open Court},
  year = {1997},
  pages = {187-211},
  address = {Lasalle},
  owner = {alessandro},
  timestamp = {2011.07.06}
}

@PHDTHESIS{RodriguesFilho2007,
  author = {Ab{\'i}lio Azambuja {Rodrigues Filho}},
  title = {Frege, Fazedores de Verdade e o Argumento da Funda},
  school = {PUC-Rio},
  year = {2007},
  address = {Rio de Janeiro},
  owner = {custom},
  timestamp = {2011.07.05}
}

@ARTICLE{Ruffino2003,
  author = {Ruffino, M.},
  title = {{Why Frege would not be a Neo-Fregean}},
  journal = {Mind},
  year = {2003},
  volume = {112},
  pages = {51-78},
  owner = {alessandro},
  timestamp = {2011.07.06}
}

@INCOLLECTION{Ruffino2002,
  author = {Ruffino, M.},
  title = {Logical Objects in Frege´s Grundgesetze, Section 10},
  booktitle = {\cite{Reck2002}},
  publisher = {Oxford University Press},
  year = {2002},
  pages = {125-48},
  address = {New York},
  owner = {alessandro},
  timestamp = {2011.07.06}
}

@ARTICLE{Ruffino2000,
  author = {Ruffino, M.},
  title = {{Extension as Representative Objects in Frege's Logic}},
  journal = {Erkenntnis},
  year = {2000},
  volume = {53},
  pages = {239-52},
  number = {2},
  owner = {alessandro},
  timestamp = {2011.07.06}
}

@INCOLLECTION{Ruffino1997,
  author = {Ruffino, M.},
  title = {Wahrheitswerte als Gegenstände und die Unterscheidung zwischen Sinn
	und Bedeutung},
  booktitle = {\cite{Gabriel1997}},
  publisher = {K{\"o}nigshausen \& Neumann},
  year = {1997},
  pages = {139-48},
  address = {W{\"u}rzburg},
  owner = {alessandro},
  timestamp = {2011.07.06}
}

@PHDTHESIS{Ruffino1996,
  author = {Marco Ruffino},
  title = {Frege´s Notion of Logical Objects},
  school = {Universidade da Calif{\'o}rnia},
  year = {1996},
  address = {Los Angeles},
  owner = {custom},
  timestamp = {2011.07.05}
}

@BOOK{Russell1996,
  title = {Principles of Mathematic},
  publisher = {W.W. Norton \& Company},
  year = {1996},
  author = {Bertrand Russell},
  address = {New York},
  owner = {custom},
  timestamp = {2011.07.05}
}

@BOOK{Russell1919,
  title = {Introduction to Mathematical Philosophy},
  publisher = {Dover Publications},
  year = {1919},
  author = {B. Russell},
  address = {New York},
  owner = {custom},
  timestamp = {2011.07.05}
}

@ARTICLE{Schirn2006,
  author = {Schirn, M.},
  title = {{Hume's Principle and Axiom V Reconsidered: Critical Reflections
	on Frege and His Interpreters}},
  journal = {Synthese},
  year = {2006},
  volume = {148},
  pages = {171-227},
  owner = {alessandro},
  timestamp = {2011.07.06}
}

@ARTICLE{Schirn2003,
  author = {Schirn, M.},
  title = {{Fregean Abstraction, Referential Indeterminacy and The Logical Foundations
	of Arithmetic}},
  journal = {Erkenntnis},
  year = {2003},
  volume = {59},
  pages = {203-32},
  owner = {alessandro},
  timestamp = {2011.07.06}
}

@INCOLLECTION{Schirn1996a,
  author = {Schirn, M.},
  title = {On Frege´s Introduction of Cardinal Numbers as Logical Objects},
  booktitle = {\cite{Schirn1996}},
  publisher = {Walter de Gruyter},
  year = {1996},
  pages = {114-73},
  address = {Berlin e New York},
  owner = {alessandro},
  timestamp = {2011.07.06}
}

@ARTICLE{Schirn1983,
  author = {Schirn, Mattias},
  title = {{Begriff und Begriffsumfang. Zu Freges Anzahldefinition in den Grundlagen
	der Arithmetik}},
  journal = {History and Philosophy of Logic},
  year = {1983},
  volume = {4},
  pages = {117-43},
  owner = {alessandro},
  timestamp = {2011.07.06}
}

@BOOK{Sluga1980,
  title = {Gottlob Freg},
  publisher = {Routledge and Kegan Paul},
  year = {1980},
  author = {Han Sluga},
  address = {London},
  owner = {custom},
  timestamp = {2011.07.05}
}

@ARTICLE{Snapper1974,
  author = {Snapper, John},
  title = {{Contextual Definition: What Frege Might Have Meant but Probably
	Didn't}},
  journal = {No\^us},
  year = {1974},
  volume = {8},
  pages = {259-72},
  owner = {alessandro},
  timestamp = {2011.07.06}
}

@INCOLLECTION{Stuhlmann-Laeisz2000,
  author = {Stuhlmann-Laeisz, Rainer},
  title = {Das Kontextprinzip},
  booktitle = {\cite{Gabriel2000}},
  publisher = {mentis Verlag},
  year = {2000},
  pages = {91-102},
  address = {mentis, Paderborn},
  owner = {alessandro},
  timestamp = {2011.07.06}
}

@ARTICLE{Sullivan1990,
  author = {Sullivan, Peter},
  title = {{Frege on the Statement of Number}},
  journal = {Philosophy and Phenomenological Research},
  year = {1990},
  volume = {1},
  pages = {595-603},
  number = {3},
  owner = {alessandro},
  timestamp = {2011.07.06}
}

@ARTICLE{Tabata2000,
  author = {Tabata, Hirotoshi},
  title = {{Frege's Theorem and his Logic}},
  journal = {History and Philosophy of Logic},
  year = {2000},
  volume = {21},
  pages = {265-95},
  owner = {alessandro},
  timestamp = {2011.07.06}
}

@BOOK{Tait1997,
  title = {Early Analytic Philosophy: Essays in honor of Leonard Linsky},
  publisher = {Open Court},
  year = {1997},
  author = {William Tait},
  address = {Lasalle},
  owner = {custom},
  timestamp = {2011.07.05}
}

@ARTICLE{Tapenden2005,
  author = {Tapenden, Jamie},
  title = {{The Caesar Problem in its Historical Context: Mathematical Background}},
  journal = {Dialectica},
  year = {2005},
  volume = {59},
  pages = {237-64},
  number = {2},
  owner = {alessandro},
  timestamp = {2011.07.06}
}

@INCOLLECTION{Veraart1976,
  author = {Veraart, Albert},
  title = {Geschichte des wissenschaftlichen Nachlasses Gottlob Freges und seiner
	Edition. Mit einem Katalog des ursprünglichen Bestands der nachgelassenen
	Schriften Freges},
  booktitle = {\cite{Schirn1976}},
  publisher = {Friedrich Frommann Verlag},
  year = {1976},
  pages = {49-106},
  address = {Stuttgart},
  owner = {alessandro},
  timestamp = {2011.07.06}
}

@ARTICLE{Vikko1998,
  author = {Vikko, Risto},
  title = {{The Reception of Frege´s Begriffsschrift}},
  journal = {Historia Mathematica},
  year = {1998},
  volume = {25},
  pages = {412-22},
  owner = {alessandro},
  timestamp = {2011.07.06}
}

@ARTICLE{Wagner1983,
  author = {Wagner, Steven},
  title = {{Frege's Definition of Number}},
  journal = {Notre Dame Journal of Formal Logic},
  year = {1983},
  volume = {24},
  pages = {1-21},
  number = {1},
  owner = {alessandro},
  timestamp = {2011.07.06}
}

@BOOK{Walker1965,
  title = {A Study of Frege},
  publisher = {Basil Blackwell},
  year = {1965},
  author = {Jeremy D. B Walker},
  address = {Oxford},
  owner = {custom},
  timestamp = {2011.07.05}
}

@ARTICLE{Wilson1999,
  author = {Wilson, Mark},
  title = {To Err is Humean},
  journal = {Philosophia Mathematica},
  year = {1999},
  volume = {7},
  pages = {247-57},
  owner = {alessandro},
  timestamp = {2011.07.06}
}

@BOOK{Wright1983,
  title = {Frege's Conception of Numbers as Objects},
  publisher = {Aberdeen University Press},
  year = {1983},
  author = {Crispin Wright},
  owner = {custom},
  timestamp = {2011.07.05}
}

@BOOK{Demopoulos1995,
  title = {Frege's Philosophy of Mathematics},
  publisher = {Harvard University Press},
  year = {1995a},
  editor = {William Demopoulos},
  address = {Cambridge, Massachusetts},
  owner = {custom},
  timestamp = {2011.07.05}
}

@BOOK{Gabriel2000,
  title = {Gottlob Frege: Werk und Wirkung},
  publisher = {mentis Verlag},
  year = {2000},
  editor = {Gottfried Gabriel and Uwe Dathe},
  address = {mentis, Paderborn},
  owner = {custom},
  timestamp = {2011.07.05}
}

@BOOK{Gabriel1997,
  title = {Frege in Jena: Beitr{\"a}ge zur Spurensicherung},
  publisher = {K{\"o}nigshausen \& Neumann},
  year = {1997},
  editor = {Gottfried Gabriel and Wolfgang Kiensler},
  address = {W{\"u}rzburg},
  owner = {custom},
  timestamp = {2011.07.05}
}

@BOOK{Haaparanta1986,
  title = {Frege Synthesized},
  publisher = {Reidel Publishing Company},
  year = {1986},
  editor = {Leila Haaparanta and Jaakko Hintikka},
  address = {Dordrecht},
  owner = {custom},
  timestamp = {2011.07.05}
}

@BOOK{Heck1997,
  title = {Language, Thought and Logic},
  publisher = {Oxford University Press},
  year = {1997},
  editor = {Richard Heck},
  address = {Oxford},
  owner = {custom},
  timestamp = {2011.07.05}
}

@BOOK{Kennedy1973,
  title = {Selected works of Giuseppe Peano},
  publisher = {University of Toronto Press},
  year = {1973},
  editor = {Hubert C Kennedy},
  address = {Toronto},
  owner = {custom},
  timestamp = {2011.07.05}
}

@BOOK{Reck2002,
  title = {From Frege to Wittgenstein: Perspective on Early Analytic Philosophy},
  publisher = {Oxford University Press},
  year = {2002},
  editor = {Erich Reck},
  address = {New York},
  owner = {custom},
  timestamp = {2011.07.05}
}

@BOOK{Schirn1996,
  title = {Frege: Importance and Legacy},
  publisher = {Walter de Gruyter},
  year = {1996},
  editor = {Mattias Schirn},
  address = {Berlin e New York},
  owner = {custom},
  timestamp = {2011.07.05}
}

@BOOK{Schirn1976,
  title = {Studies on Frege I: Logic and Philosophy of Mathematics},
  publisher = {Friedrich Frommann Verlag},
  year = {1976},
  editor = {Matthias Schirn},
  address = {Stuttgart},
  owner = {custom},
  timestamp = {2011.07.05}
}

@comment{jabref-meta: selector\_publisher:}

@comment{jabref-meta: selector\_journal:}

@comment{jabref-meta: selector\_author:}

@comment{jabref-meta: selector\_keywords:}

